<record><leader>01557cam a2200349 i 4500</leader><controlfield tag="001">6808122</controlfield><controlfield tag="003">OCoLC</controlfield><controlfield tag="005">20150204112139.0</controlfield><controlfield tag="008">140711s2015    nyub   c      000 1 eng  </controlfield><datafield ind1=" " ind2=" " tag="010"><subfield code="a">  2014022042</subfield></datafield><datafield ind1=" " ind2=" " tag="020"><subfield code="a">9780062248978 (hbk.)</subfield></datafield><datafield ind1=" " ind2=" " tag="020"><subfield code="a">0062248979 (hbk.)</subfield></datafield><datafield ind1=" " ind2=" " tag="035"><subfield code="a">ocn883748165</subfield></datafield><datafield ind1=" " ind2=" " tag="040"><subfield code="a">DLC</subfield><subfield code="e">rda</subfield><subfield code="b">eng</subfield><subfield code="c">DLC</subfield><subfield code="d">IG#</subfield><subfield code="d">OCLCO</subfield><subfield code="d">YDXCP</subfield><subfield code="d">BTCTA</subfield><subfield code="d">BDX</subfield><subfield code="d">JSE</subfield><subfield code="d">JBL</subfield><subfield code="d">UAB</subfield><subfield code="d">AEU</subfield></datafield><datafield ind1="0" ind2="0" tag="050"><subfield code="a">PZ7.S7869</subfield><subfield code="b">Ch 2015</subfield></datafield><datafield ind1="0" ind2="0" tag="082"><subfield code="a">[Fic]</subfield><subfield code="2">23</subfield></datafield><datafield ind1=" " ind2=" " tag="090"><subfield code="a">PZ 7 S7782 Ch 2015</subfield><subfield code="b">AEU</subfield></datafield><datafield ind1="1" ind2=" " tag="100"><subfield code="a">Stanley, Diane,</subfield><subfield code="e">author.</subfield></datafield><datafield ind1="1" ind2="4" tag="245"><subfield code="a">The chosen prince /</subfield><subfield code="c">Diane Stanley.</subfield></datafield><datafield ind1=" " ind2=" " tag="250"><subfield code="a">First edition.</subfield></datafield><datafield ind1=" " ind2="1" tag="264"><subfield code="a">New York, NY :</subfield><subfield code="b">Harper, an imprint of HarperCollinsPublishers,</subfield><subfield code="c">[2015]</subfield></datafield><datafield ind1=" " ind2=" " tag="300"><subfield code="a">357 pages :</subfield><subfield code="b">map ;</subfield><subfield code="c">22 cm</subfield></datafield><datafield ind1=" " ind2=" " tag="336"><subfield code="a">text</subfield><subfield code="2">rdacontent</subfield></datafield><datafield ind1=" " ind2=" " tag="337"><subfield code="a">unmediated</subfield><subfield code="2">rdamedia</subfield></datafield><datafield ind1=" " ind2=" " tag="338"><subfield code="a">volume</subfield><subfield code="2">rdacarrier</subfield></datafield><datafield ind1=" " ind2=" " tag="520"><subfield code="a">"Prince Alexos, the long-awaited champion of the goddess Athene, follows the course of his destiny through war and loss and a deadly confrontation with his enemy to its end: shipwreck on a magical, fog-shrouded island. There he meets the unforgettable Aria and faces the greatest challenge of his life. Based loosely on Shakespeare's The Tempest"--</subfield><subfield code="c">Provided by publisher.</subfield></datafield><datafield ind1=" " ind2=" " tag="596"><subfield code="a">41</subfield></datafield><datafield ind1="1" ind2="0" tag="600"><subfield code="a">Shakespeare, William,</subfield><subfield code="d">1564-1616</subfield><subfield code="v">Adaptations.</subfield></datafield><datafield ind1=" " ind2="0" tag="650"><subfield code="a">Princes</subfield><subfield code="v">Juvenile fiction.</subfield></datafield><datafield ind1=" " ind2="0" tag="650"><subfield code="a">Fate and fatalism</subfield><subfield code="v">Juvenile fiction.</subfield></datafield><datafield ind1=" " ind2=" " tag="949"><subfield code="a">PZ 7 S7782 Ch 2015</subfield><subfield code="h">UAED-CU-B</subfield><subfield code="i">0162035240421</subfield></datafield><datafield ind1=" " ind2=" " tag="926"><subfield code="a">PZ 7 S7782 Ch 2015</subfield><subfield code="w">LC</subfield><subfield code="c">1</subfield><subfield code="i">0162035240421</subfield><subfield code="l">CURRICULUM</subfield><subfield code="m">UAEDUC</subfield><subfield code="p">$150.00</subfield><subfield code="r">Y</subfield><subfield code="s">Y</subfield><subfield code="t">BOOK</subfield><subfield code="u">2/19/2015</subfield></datafield></record>